<?xml version="1.0" encoding="UTF-8"?><collection><record><leader>07807ntm a2200661 a 4500</leader><controlfield tag="001">006817691</controlfield><controlfield tag="003">MiAaHDL</controlfield><controlfield tag="005">20190719000000.0</controlfield><controlfield tag="006">m        d        </controlfield><controlfield tag="007">cr bn ---auaua</controlfield><controlfield tag="008">090611s1741    xx            00| ||ota d</controlfield><datafield tag="035" ind1=" " ind2=" "><subfield code="a">(MiU)006817691</subfield></datafield><datafield tag="035" ind1=" " ind2=" "><subfield code="a">sdr-miu006817691</subfield></datafield><datafield tag="040" ind1=" " ind2=" "><subfield code="a">MiU</subfield><subfield code="c">MiU</subfield><subfield code="e">amremm</subfield></datafield><datafield tag="041" ind1="0" ind2=" "><subfield code="a">ota</subfield><subfield code="a">ara</subfield></datafield><datafield tag="043" ind1=" " ind2=" "><subfield code="a">n-us-mi</subfield></datafield><datafield tag="100" ind1="0" ind2=" "><subfield code="6">880-01</subfield><subfield code="a">Abdullah Yenişehirli,</subfield><subfield code="d">-1742 or 1743.</subfield></datafield><datafield tag="240" ind1="1" ind2="0"><subfield code="6">880-02</subfield><subfield code="a">Behcet ül-fetava maan-nükul</subfield></datafield><datafield tag="245" ind1="1" ind2="0"><subfield code="6">880-03</subfield><subfield code="a">Behcetü'l-fetâva,</subfield><subfield code="f">[1154, i.e. 1741].</subfield></datafield><datafield tag="246" ind1="3" ind2=" "><subfield code="a">Bahjat al-fatāwá</subfield></datafield><datafield tag="246" ind1="3" ind2=" "><subfield code="a">بهدت الفتاوى</subfield></datafield><datafield tag="246" ind1="3" ind2=" "><subfield code="i">Title from inscription on front flyleaf (p.1):</subfield><subfield code="a">بهجۀ الفتاوى</subfield></datafield><datafield tag="246" ind1="3" ind2=" "><subfield code="i">Edge title (tail):</subfield><subfield code="a">بهجت الفتاوى</subfield></datafield><datafield tag="260" ind1=" " ind2=" "><subfield code="c">[1741].</subfield></datafield><datafield tag="300" ind1=" " ind2=" "><subfield code="a">262 leaves :</subfield><subfield code="b">paper ;</subfield><subfield code="c">300 x 200 (187-234 x 67-118) mm.</subfield></datafield><datafield tag="500" ind1=" " ind2=" "><subfield code="a">Shelfmark: Ann Arbor, University of Michigan, Special Collections Library, Isl. Ms. 673</subfield></datafield><datafield tag="500" ind1=" " ind2=" "><subfield code="a">Origin: As appears at close on p.523, dated Rabīʻ II 1153 [June-July 1741] "في ربيع الاخر سنه ١١٥٤".</subfield></datafield><datafield tag="500" ind1=" " ind2=" "><subfield code="a">Accompanying materials: a. Inventory cataloguing slip in hand of Winifred Smeaton Thomas -- b. Acquisitions slip from Yahuda.</subfield></datafield><datafield tag="500" ind1=" " ind2=" "><subfield code="a">Former shelfmark: From interior of upper cover and spine label, "IL 35" (likely supplied by Yahuda, see acquisitions slip).</subfield></datafield><datafield tag="500" ind1=" " ind2=" "><subfield code="a">Binding: Pasteboards covered in dark red leather ; Type II binding (with flap) ; board linings in now silvery laid paper ; upper and lower covers carry blind-stamped mandorla (filled with vegetal composition, compare Déroche class. OSd 8), pendants and corner pieces along with tooled accents (strokes and rosette stamp) and border (rules flanking a series of s-shaped stamps) ; sewn in red and yellow (from around p.144) thread, four stations ; worked chevron endbands in red and yellow, only headband remains ; overall in somewhat poor condition with abrasion, lifting and losses of leather (particularly at board edges), delamination of boards, etc. ; repairs to spine, fore edge flap and board edges in black leather, also damaged.</subfield></datafield><datafield tag="500" ind1=" " ind2=" "><subfield code="a">Support: European laid paper with 12-13 laid lines per cm. (horizontal), chain lines spaced 20 mm. apart (vertical), and watermark of crown above cartouche with name and grapes (raisin) below (see p.16, 54, 246, etc.), sturdy and dense, beige in color, well-burnished ; some staining and tide lines.</subfield></datafield><datafield tag="500" ind1=" " ind2=" "><subfield code="a">Decoration: Illuminated headpiece (ʻunwān) at opening on p.16, consisting of rectangular piece with empty gold cartouche flanked by floral accents in gold and red on a blue ground surmounted by scalloped semi-circular piece (dome) filled with somewhat crudely executed floral vegetal decoration in gold, white, yellow and red on fields of blue and gold with red accents ; entire piece set into a well consisting of a series of colored bands (in red, gold, yellow, and white) with crosses repeated in black ; written area of incipit page surrounded by a gold frame, elswhere central written area and margins surrounded by a red rule-border ; keywords and section headings rubricated ; textual dividers in the form of red inverted commas, discs, etc. ; some overlining in red.</subfield></datafield><datafield tag="500" ind1=" " ind2=" "><subfield code="a">Script: Naskh ; two elegant Ottoman hands ; opening hand (through p.334) partially but irregularly seriffed with right-sloping head-serif on occasional lām or other ascender, marked effect of tilt to the left, curvilinear descenders, pointing (for two and three dots) in strokes or conjoined dots rather than distinct dots, some free assimilation of letters (dots) ; from p.335 to close (as well as table of contents, pp.4-14), another elegant naskh, seriffed with left-sloping wedge or barb head-serifs on most ascenders (vertical stroke of final kāf and even shaqq of medial or initial kāf also seriffed), effect of tilt to the left, curvilinear descenders, dramatic contrast of thickness between horizontal and vertical strokes, pointing (for two and three dots) in heavy strokes rather than distinct dots.</subfield></datafield><datafield tag="500" ind1=" " ind2=" "><subfield code="a">Layout: Written in 31 lines per page ; frame-ruled.</subfield></datafield><datafield tag="500" ind1=" " ind2=" "><subfield code="a">Collation: III (6), 21 V(216), 2 IV(232), 3 V(262), i ; chiefly quinions ; catchwords present ; foliation in black ink, Hindu-Arabic numerals ; pagination in pencil, Western numerals, supplied during digitization (includes flyleaves and added leaves, mistakenly skips two pages between pp.423-424).</subfield></datafield><datafield tag="500" ind1=" " ind2=" "><subfield code="a">Explicit: "اخره تفويض ايتمك استدكده زيد مجرد زراعت ايتدكلريمك حقوقلرينى ارا ايتمكله زراعت ايتمدكلرينك تفويضندن عمروى منعه قادر اولورنى الجواب اولماز"</subfield></datafield><datafield tag="500" ind1=" " ind2=" "><subfield code="a">Incipit: "الحمد لله الذي احكم احكام الشرع على احسن الترتيب والنظام وجعل علماء الشريعة خلفاء رسوله في بيان الحلال والحرام ... وبعد فيقول الفقير الى رحمة ربه الغني محمد فقهى العينى لله در علامة زماننا ... مظهر الاحكام الربانية مفتي السلطنة العثمانية مولانا ابو الفضل عبد الله افندى اليكيشهرى فقد بذل جهده في الافتاء لذوي الحاجات ... واني لما استسعدت بخدمته [؟] العليا ... اردت ان ارتب هذا الكتاب المستطاب ليسهل الاطلاع على تفاريق الواقعات ... واثبت في الهامش نقل كل مسئلة ... فلما صار ذلك كتابا مرتبا ... سميته ببهجة الفتاوى ..."</subfield></datafield><datafield tag="500" ind1=" " ind2=" "><subfield code="a">Title from opening matter (preface) on p.17.</subfield></datafield><datafield tag="500" ind1=" " ind2=" "><subfield code="a">Ms. codex.</subfield></datafield><datafield tag="510" ind1="4" ind2=" "><subfield code="a">Brockelmann, C. GAL,</subfield><subfield code="c">II 437 (no. 3)</subfield></datafield><datafield tag="520" ind1="8" ind2=" "><subfield code="a">Fine copy of the collection of legal decisions by Yenişehirli Abullah Efendi (d. 1742 or 3), compiled (with an Arabic preface) and annotated in Arabic by Muḥammad Fiqhī al-ʻAynī (fl. 1702). Table of contents provided at opening (pp.4-14).</subfield></datafield><datafield tag="538" ind1=" " ind2=" "><subfield code="a">Mode of access: Internet.</subfield></datafield><datafield tag="541" ind1=" " ind2=" "><subfield code="a">Acquired in 1926 from the bookseller Isaac Benjamin S.E. Yahuda via purchase transacted on his behalf by Abraham Shalom Yahuda (1877-1951), his younger brother.</subfield></datafield><datafield tag="546" ind1=" " ind2=" "><subfield code="a">Ottoman Turkish and Arabic.</subfield></datafield><datafield tag="561" ind1=" " ind2=" "><subfield code="a">Inheritance calculations on recto of opening added leaf carrying table of contents (p.3) ; on 'title page' (p.15) ownership statement in name of al-Sayyid al-Ḥāfiẓ Muḥammad al-Fāʼiq (Mehmet Faik), mufti in ʻAyntab (Ayıntap, Antep, Gaziantep) accompanied by circular seal impression (dated 1239 [1823 or 4]), statement reads "مما اعاره الدهر الفقير الى رحمته سبحانه وتعالى السيد الحافظ محمد الفائق المفتي بمدينه عينتب حفظ عن العتب" ; extensive marginal glosses (supplied by the compiler).</subfield></datafield><datafield tag="650" ind1=" " ind2="0"><subfield code="a">Manuscripts, Arabic</subfield><subfield code="z">Michigan</subfield><subfield code="z">Ann Arbor.</subfield></datafield><datafield tag="650" ind1=" " ind2="0"><subfield code="a">Manuscripts, Turkish</subfield><subfield code="z">Michigan</subfield><subfield code="z">Ann Arbor.</subfield></datafield><datafield tag="650" ind1=" " ind2="0"><subfield code="a">Islamic law</subfield><subfield code="v">Sources</subfield><subfield code="v">Early works to 1800.</subfield></datafield><datafield tag="650" ind1=" " ind2="0"><subfield code="a">Fatwas</subfield><subfield code="v">Early works to 1800.</subfield></datafield><datafield tag="655" ind1=" " ind2="7"><subfield code="a">Headpieces (layout features)</subfield><subfield code="y">18th century.</subfield><subfield code="2">aat</subfield></datafield><datafield tag="700" ind1="0" ind2=" "><subfield code="6">880-05</subfield><subfield code="a">Mehmet Faik,</subfield><subfield code="d">fl. 1823,</subfield><subfield code="e">former owner.</subfield></datafield><datafield tag="700" ind1="0" ind2=" "><subfield code="6">880-04</subfield><subfield code="a">Mehmet Fıkhiy ül-Ayni,</subfield><subfield code="e">compiler.</subfield></datafield><datafield tag="773" ind1="0" ind2=" "><subfield code="a">Yahuda Collection.</subfield></datafield><datafield tag="880" ind1="0" ind2=" "><subfield code="6">700-05/</subfield><subfield code="a">محمد الفائق,</subfield><subfield code="e">مالك سابق.</subfield></datafield><datafield tag="880" ind1="0" ind2=" "><subfield code="6">700-04/</subfield><subfield code="a">محمد فقهى العينى,</subfield><subfield code="e">مصنف</subfield></datafield><datafield tag="880" ind1="1" ind2="0"><subfield code="6">245-03/</subfield><subfield code="a">بهجة الفتاوى,</subfield><subfield code="f">[1154ه، 1741م ].</subfield></datafield><datafield tag="880" ind1="1" ind2="0"><subfield code="6">240-02/</subfield><subfield code="a">بهجت الفتاواى مع النقول</subfield></datafield><datafield tag="880" ind1="0" ind2=" "><subfield code="6">100-01/</subfield><subfield code="a">عبد الله يكيشهري.</subfield></datafield><datafield tag="CID" ind1=" " ind2=" "><subfield code="a">006817691</subfield></datafield><datafield tag="DAT" ind1="0" ind2=" "><subfield code="a">20190719102639.0</subfield><subfield code="b">20190719000000.0</subfield></datafield><datafield tag="DAT" ind1="1" ind2=" "><subfield code="a">20190719090653.0</subfield><subfield code="b">2019-07-19T16:11:58Z</subfield></datafield><datafield tag="DAT" ind1="2" ind2=" "><subfield code="a">2015-09-17T18:00:03Z</subfield></datafield><datafield tag="CAT" ind1=" " ind2=" "><subfield code="a">SDR-MIU</subfield><subfield code="d">EX LIBRIS - ALEPH</subfield><subfield code="l">prepare.pl-004-008</subfield></datafield><datafield tag="FMT" ind1=" " ind2=" "><subfield code="a">BK</subfield></datafield><datafield tag="HOL" ind1=" " ind2=" "><subfield code="0">sdr-miu006817691</subfield><subfield code="a">MiU</subfield><subfield code="b">SDR</subfield><subfield code="c">MIU</subfield><subfield code="p">mdp.39015079129709</subfield><subfield code="s">MIU</subfield><subfield code="1">006817691</subfield></datafield><datafield tag="974" ind1=" " ind2=" "><subfield code="b">MIU</subfield><subfield code="c">MIU</subfield><subfield code="d">20190719</subfield><subfield code="s">lit-dlps-dc</subfield><subfield code="u">mdp.39015079129709</subfield><subfield code="y">1741</subfield><subfield code="r">pd</subfield><subfield code="q">bib</subfield><subfield code="t">non-US bib date1 &lt; 1896</subfield></datafield></record></collection>